@inproceedings{Golenkov2019,
    author = "V. Golenkov and N. Guliakina and I. Davydenko and A. Eremeev",
    title = "Methods and tools for ensuring compatibility of computer systems",
    booktitle ="Open semantic technologies for intelligent systems",
    editor = "V. Golenkov",
    publisher = "BSUIR, Minsk",
    series   = {4},
    year = "2019",
    pages = "25-52",
    language={english},
    hyphenation={english},
    shorthand = "Golenkov.V.V..MethodsTECCS-2019ст",
    annotation = "Работа содержит описание методов и средств обеспечения совместимости компьютерных систем"
}

@Comment{jabref-meta: databaseType:bibtex;}